@inproceedings{krizhevsky2012imagenet,
  title={Imagenet classification with deep convolutional neural networks},
  author={Krizhevsky, Alex and Sutskever, Ilya and Hinton, Geoffrey E},
  booktitle={NIPS},
  year={2012}
}

@article{donahue2013decaf,
  title={Decaf: A deep convolutional activation feature for generic visual recognition},
  author={Donahue, Jeff and Jia, Yangqing and Vinyals, Oriol and Hoffman, Judy and Zhang, Ning and Tzeng, Eric and Darrell, Trevor},
  journal={arXiv:1310.1531},
  year={2013}
}

@inproceedings{jia2014caffe,
  title={Caffe: Convolutional architecture for fast feature embedding},
  author={Jia, Yangqing and Shelhamer, Evan and Donahue, Jeff and Karayev, Sergey and Long, Jonathan and Girshick, Ross and Guadarrama, Sergio and Darrell, Trevor},
  booktitle={ACM MM},
  year={2014}
}

@article{zeiler2013visualizing,
  title={Visualizing and understanding convolutional neural networks},
  author={Zeiler, Matthew D and Fergus, Rob},
  journal={arXiv:1311.2901},
  year={2013}
}

@article{simonyan2014very,
  title={Very Deep Convolutional Networks for Large-Scale Image Recognition},
  author={Simonyan, Karen and Zisserman, Andrew},
  journal={arXiv:1409.1556},
  year={2014}
}

@article{szegedy2014going,
  title={Going deeper with convolutions},
  author={Szegedy, Christian and Liu, Wei and Jia, Yangqing and Sermanet, Pierre and Reed, Scott and Anguelov, Dragomir and Erhan, Dumitru and Vanhoucke, Vincent and Rabinovich, Andrew},
  journal={arXiv:1409.4842},
  year={2014}
}

@inproceedings{deng2009imagenet,
  title={Imagenet: A large-scale hierarchical image database},
  author={Deng, Jia and Dong, Wei and Socher, Richard and Li, Li-Jia and Li, Kai and Fei-Fei, Li},
  booktitle={CVPR},
  year={2009}
}

@inproceedings{natarajan2013learning,
  title={Learning with noisy labels},
  author={Natarajan, Nagarajan and Dhillon, Inderjit S and Ravikumar, Pradeep K and Tewari, Ambuj},
  booktitle={NIPS},
  year={2013}
}

@article{bartlett2006convexity,
  title={Convexity, classification, and risk bounds},
  author={Bartlett, Peter L and Jordan, Michael I and McAuliffe, Jon D},
  journal={Journal of the American Statistical Association},
  year={2006}
}

@inproceedings{teng2001comparison,
  title={A Comparison of Noise Handling Techniques},
  author={Teng, Choh-Man},
  booktitle={FLAIRS},
  year={2001}
}

@article{sukhbaatar2014learning,
  title={Learning from Noisy Labels with Deep Neural Networks},
  author={Sukhbaatar, Sainbayar and Fergus, Rob},
  journal={arXiv:1406.2080},
  year={2014}
}

@inproceedings{mnih2012learning,
  title={Learning to label aerial images from noisy data},
  author={Mnih, Volodymyr and Hinton, Geoffrey E},
  booktitle={ICML},
  year={2012}
}

@techreport{zhu2002learning,
  title={Learning from labeled and unlabeled data with label propagation},
  author={Zhu, Xiaojin and Ghahramani, Zoubin},
  institution={Technical Report CMU-CALD-02-107, Carnegie Mellon University},
  year={2002}
}

@inproceedings{guillaumin2010multimodal,
  title={Multimodal semi-supervised learning for image classification},
  author={Guillaumin, Matthieu and Verbeek, Jakob and Schmid, Cordelia},
  booktitle={CVPR},
  year={2010}
}

@incollection{weston2012deep,
  title={Deep learning via semi-supervised embedding},
  author={Weston, Jason and Ratle, Fr{\'e}d{\'e}ric and Mobahi, Hossein and Collobert, Ronan},
  booktitle={Neural Networks: Tricks of the Trade},
  year={2012}
}

@inproceedings{lee2013pseudo,
  title={Pseudo-label: The simple and efficient semi-supervised learning method for deep neural networks},
  author={Lee, Dong-Hyun},
  booktitle={ICML Workshop},
  year={2013}
}

@article{azizpour2014generic,
  title={From Generic to Specific Deep Representations for Visual Recognition},
  author={Azizpour, Hossein and Razavian, Ali Sharif and Sullivan, Josephine and Maki, Atsuto and Carlsson, Stefan},
  journal={arXiv:1406.5774},
  year={2014}
}

@inproceedings{tang2013learning,
  title={Learning stochastic feedforward neural networks},
  author={Tang, Yichuan and Salakhutdinov, Ruslan},
  booktitle={NIPS},
  year={2013}
}

@inproceedings{vahdat2013handling,
  title={Handling uncertain tags in visual recognition},
  author={Vahdat, Arash and Mori, Greg},
  booktitle={ICCV},
  year={2013}
}

@inproceedings{oquab2014learning,
  title={Learning and transferring mid-level image representations using convolutional neural networks},
  author={Oquab, Maxime and Bottou, Leon and Laptev, Ivan and Sivic, Josef},
  booktitle={CVPR},
  year={2014}
}

@inproceedings{zhang2014panda,
  title={Panda: Pose aligned networks for deep attribute modeling},
  author={Zhang, Ning and Paluri, Manohar and Ranzato, Marc'Aurelio and Darrell, Trevor and Bourdev, Lubomir},
  booktitle={CVPR},
  year={2014}
}

@article{farabet2013learning,
  title={Learning hierarchical features for scene labeling},
  author={Farabet, Cl{\'e}ment and Couprie, Camille and Najman, Laurent and LeCun, Yann},
  journal={TPAMI},
  volume={35},
  number={8},
  pages={1915--1929},
  year={2013}
}

@incollection{gong2014multi,
  title={Multi-scale orderless pooling of deep convolutional activation features},
  author={Gong, Yunchao and Wang, Liwei and Guo, Ruiqi and Lazebnik, Svetlana},
  booktitle={ECCV},
  year={2014}
}

@article{gong2014multiview,
  title={A multi-view embedding space for modeling internet images, tags, and their semantics},
  author={Gong, Yunchao and Ke, Qifa and Isard, Michael and Lazebnik, Svetlana},
  journal={IJCV},
  volume={106},
  number={2},
  pages={210--233},
  year={2014}
}

@inproceedings{beigman2009learning,
  title={Learning with annotation noise},
  author={Beigman, Eyal and Klebanov, Beata Beigman},
  booktitle={ACL-IJCNLP},
  year={2009}
}

@article{manwani2013noise,
  title={Noise tolerance under risk minimization},
  author={Manwani, Naresh and Sastry, PS},
  journal={Cybernetics, IEEE Transactions on},
  volume={43},
  number={3},
  pages={1146--1151},
  year={2013}
}

@article{zhu2004class,
  title={Class noise vs. attribute noise: A quantitative study},
  author={Zhu, Xingquan and Wu, Xindong},
  journal={Artificial Intelligence Review},
  volume={22},
  number={3},
  pages={177--210},
  year={2004}
}

@article{nettleton2010study,
  title={A study of the effect of different types of noise on the precision of supervised learning techniques},
  author={Nettleton, David F and Orriols-Puig, Albert and Fornells, Albert},
  journal={Artificial intelligence review},
  volume={33},
  number={4},
  pages={275--306},
  year={2010}
}

@inproceedings{pechenizkiy2006class,
  title={Class noise and supervised learning in medical domains: The effect of feature extraction},
  author={Pechenizkiy, Mykola and Tsymbal, Alexey and Puuronen, Seppo and Pechenizkiy, Oleksandr},
  booktitle={CBMS},
  year={2006}
}

@incollection{barandela2000decontamination,
  title={Decontamination of training samples for supervised pattern recognition methods},
  author={Barandela, Ricardo and Gasca, Eduardo},
  booktitle={ICAPR},
  year={2000}
}

@article{brodley2011identifying,
  title={Identifying mislabeled training data},
  author={Brodley, Carla E and Friedl, Mark A},
  journal={arXiv:1106.0219},
  year={2011}
}

@incollection{miranda2009use,
  title={Use of classification algorithms in noise detection and elimination},
  author={Miranda, Andr{\'e} LB and Garcia, Lu{\'\i}s Paulo F and Carvalho, Andr{\'e} CPLF and Lorena, Ana C},
  booktitle={HAIS},
  year={2009}
}

@inproceedings{matic1992computer,
  title={Computer aided cleaning of large databases for character recognition},
  author={Matic, N and Guyon, I and Bottou, L and Denker, J and Vapnik, V},
  booktitle={IAPR},
  year={1992}
}

@article{frenay2014classification,
  title={Classification in the presence of label noise: a survey},
  author={Fr{\'e}nay, Beno{\^\i}t and Verleysen, Michel},
  journal={TNNLS},
  volume={25},
  number={5},
  pages={845--869},
  year={2014},
  publisher={IEEE}
}

@inproceedings{larsen1998design,
  title={Design of robust neural network classifiers},
  author={Larsen, Jan and Nonboe, L and Hintz-Madsen, Mads and Hansen, Lars Kai},
  booktitle={ICASSP},
  year={1998}
}

@inproceedings{li2014deepreid,
  title={Deepreid: Deep filter pairing neural network for person re-identification},
  author={Li, Wei and Zhao, Rui and Xiao, Tong and Wang, Xiaogang},
  booktitle={CVPR},
  year={2014}
}

@article{hinton2012improving,
  title={Improving neural networks by preventing co-adaptation of feature detectors},
  author={Hinton, Geoffrey E and Srivastava, Nitish and Krizhevsky, Alex and Sutskever, Ilya and Salakhutdinov, Ruslan R},
  journal={NIPS},
  year={2012}
}

@inproceedings{weinberger2005distance,
  title={Distance metric learning for large margin nearest neighbor classification},
  author={Weinberger, Kilian Q and Blitzer, John and Saul, Lawrence K},
  booktitle={NIPS},
  year={2005}
}

@inproceedings{mcfee2010metric,
  title={Metric learning to rank},
  author={McFee, Brian and Lanckriet, Gert R},
  booktitle={ICML},
  year={2010}
}

@inproceedings{koestinger2012large,
  title={Large scale metric learning from equivalence constraints},
  author={Koestinger, Martin and Hirzer, Martin and Wohlhart, Paul and Roth, Peter M and Bischof, Horst},
  booktitle={CVPR},
  year={2012}
}

@inproceedings{davis2007information,
  title={Information-theoretic metric learning},
  author={Davis, Jason V and Kulis, Brian and Jain, Prateek and Sra, Suvrit and Dhillon, Inderjit S},
  booktitle={ICML},
  year={2007}
}

@inproceedings{zhao2013unsupervised,
  title={Unsupervised salience learning for person re-identification},
  author={Zhao, Rui and Ouyang, Wanli and Wang, Xiaogang},
  booktitle={CVPR},
  year={2013}
}

@inproceedings{farenzena2010person,
  title={Person re-identification by symmetry-driven accumulation of local features},
  author={Farenzena, Michela and Bazzani, Loris and Perina, Alessandro and Murino, Vittorio and Cristani, Marco},
  booktitle={CVPR},
  year={2010}
}

@inproceedings{ba2013adaptive,
  title={Adaptive dropout for training deep neural networks},
  author={Ba, Jimmy and Frey, Brendan},
  booktitle={NIPS},
  year={2013}
}

@article{duan2012domain,
  title={Domain adaptation from multiple sources: A domain-dependent regularization approach},
  author={Duan, Lixin and Xu, Dong and Tsang, Ivor W},
  journal={TNNLS},
  year={2012}
}

@inproceedings{baltieri20113dpes,
  title={3dpes: 3d people dataset for surveillance and forensics},
  author={Baltieri, Davide and Vezzani, Roberto and Cucchiara, Rita},
  booktitle={Proc. of the ACM workshop on Human gesture and behavior understanding},
  year={2011}
}

@inproceedings{zheng2009associating,
  title={Associating Groups of People},
  author={Zheng, Wei-Shi and Gong, Shaogang and Xiang, Tao},
  booktitle={BMVC},
  year={2009}
}

@inproceedings{xiong2014person,
  title={Person re-identification using kernel-based metric learning methods},
  author={Xiong, Fei and Gou, Mengran and Camps, Octavia and Sznaier, Mario},
  booktitle={ECCV},
  year={2014}
}

@inproceedings{simonyan2013deep,
  title={Deep inside convolutional networks: Visualising image classification models and saliency maps},
  author={Simonyan, Karen and Vedaldi, Andrea and Zisserman, Andrew},
  booktitle={ICLR},
  year={2014}
}

@inproceedings{szegedy2014going,
  title={Going deeper with convolutions},
  author={Szegedy, Christian and Liu, Wei and Jia, Yangqing and Sermanet, Pierre and Reed, Scott and Anguelov, Dragomir and Erhan, Dumitru and Vanhoucke, Vincent and Rabinovich, Andrew},
  booktitle={CVPR},
  year={2015}
}

@inproceedings{ahmed2015improved,
  title={An Improved Deep Learning Architecture for Person Re-Identification},
  author={Ahmed, Ejaz and Jones, Michael and Marks, Tim K},
  booktitle={CVPR},
  year={2015}
}

@inproceedings{schroff2015facenet,
  title={Facenet: A unified embedding for face recognition and clustering},
  author={Schroff, Florian and Kalenichenko, Dmitry and Philbin, James},
  booktitle={CVPR},
  year={2015}
}

@inproceedings{wang2015visual,
  title={Visual Tracking with Fully Convolutional Networks},
  author={Wang, Lijun and Ouyang, Wanli and Wang, Xiaogang and Lu, Huchuan},
  booktitle={ICCV},
  year={2015}
}

@inproceedings{gray2007evaluating,
  title={Evaluating appearance models for recognition, reacquisition, and tracking},
  author={Gray, Douglas and Brennan, Shane and Tao, Hai},
  booktitle={PETS},
  year={2007}
}

@inproceedings{sun2014deep,
  title={Deep learning face representation from predicting 10,000 classes},
  author={Sun, Yi and Wang, Xiaogang and Tang, Xiaoou},
  booktitle={CVPR},
  year={2014}
}

@article{ioffe2015batch,
  title={Batch normalization: Accelerating deep network training by reducing internal covariate shift},
  author={Ioffe, Sergey and Szegedy, Christian},
  journal={ICML},
  year={2015}
}

@article{simonyan2014very,
  title={Very deep convolutional networks for large-scale image recognition},
  author={Simonyan, Karen and Zisserman, Andrew},
  journal={arXiv preprint arXiv:1409.1556},
  year={2014}
}


@inproceedings{joshi2012multi,
  title={Multi-domain learning: when do domains matter?},
  author={Joshi, Mahesh and Cohen, William W and Dredze, Mark and Ros{\'e}, Carolyn P},
  booktitle={EMNLP},
  year={2012}
}

@inproceedings{dredze2008online,
  title={Online methods for multi-domain learning and adaptation},
  author={Dredze, Mark and Crammer, Koby},
  booktitle={EMNLP},
  year={2008}
}

@article{ajakan2014domain,
  title={Domain-Adversarial Neural Networks},
  author={Ajakan, Hana and Germain, Pascal and Larochelle, Hugo and Laviolette, Fran{\c{c}}ois and Marchand, Mario},
  journal={arXiv preprint arXiv:1412.4446},
  year={2014}
}

@article{long2015learning,
  title={Learning Transferable Features with Deep Adaptation Networks},
  author={Long, Mingsheng and Wang, Jianmin},
  journal={arXiv preprint arXiv:1502.02791},
  year={2015}
}

@inproceedings{torralba2011unbiased,
  title={Unbiased look at dataset bias},
  author={Torralba, Antonio and Efros, Alexei A},
  booktitle={CVPR},
  year={2011}
}

@article{borgwardt2006integrating,
  title={Integrating structured biological data by kernel maximum mean discrepancy},
  author={Borgwardt, Karsten M and Gretton, Arthur and Rasch, Malte J and Kriegel, Hans-Peter and Sch{\"o}lkopf, Bernhard and Smola, Alex J},
  journal={Bioinformatics},
  volume={22},
  number={14},
  pages={e49--e57},
  year={2006}
}

@article{tzeng2014deep,
  title={Deep Domain Confusion: Maximizing for Domain Invariance},
  author={Tzeng, Eric and Hoffman, Judy and Zhang, Ning and Saenko, Kate and Darrell, Trevor},
  journal={arXiv preprint arXiv:1412.3474},
  year={2014}
}

@inproceedings{gong2013connecting,
  title={Connecting the dots with landmarks: Discriminatively learning domain-invariant features for unsupervised domain adaptation},
  author={Gong, Boqing and Grauman, Kristen and Sha, Fei},
  booktitle={ICML},
  year={2013}
}

@incollection{ghifary2014domain,
  title={Domain adaptive neural networks for object recognition},
  author={Ghifary, Muhammad and Kleijn, W Bastiaan and Zhang, Mengjie},
  booktitle={PRICAI},
  year={2014},
}

@inproceedings{wang2014flexible,
  title={Flexible Transfer Learning under Support and Model Shift},
  author={Wang, Xuezhi and Schneider, Jeff},
  booktitle={NIPS},
  year={2014}
}

@incollection{lin2014microsoft,
  title={Microsoft COCO: Common objects in context},
  author={Lin, Tsung-Yi and Maire, Michael and Belongie, Serge and Hays, James and Perona, Pietro and Ramanan, Deva and Doll{\'a}r, Piotr and Zitnick, C Lawrence},
  booktitle={ECCV},
  year={2014}
}

@article{everingham2010pascal,
  title={The pascal visual object classes (voc) challenge},
  author={Everingham, Mark and Van Gool, Luc and Williams, Christopher KI and Winn, John and Zisserman, Andrew},
  journal={IJCV},
  volume={88},
  number={2},
  pages={303--338},
  year={2010},
  publisher={Springer}
}

@article{ILSVRC15,
Author = {Olga Russakovsky and Jia Deng and Hao Su and Jonathan Krause and Sanjeev Satheesh and Sean Ma and Zhiheng Huang and Andrej Karpathy and Aditya Khosla and Michael Bernstein and Alexander C. Berg and Li Fei-Fei},
Title = {{ImageNet Large Scale Visual Recognition Challenge}},
Year = {2015},
journal   = {International Journal of Computer Vision (IJCV)},
doi = {10.1007/s11263-015-0816-y}
}

@article{dredze2010multi,
  title={Multi-domain learning by confidence-weighted parameter combination},
  author={Dredze, Mark and Kulesza, Alex and Crammer, Koby},
  journal={Machine Learning},
  volume={79},
  number={1-2},
  pages={123--149},
  year={2010},
  publisher={Springer}
}

@article{zhang2012convex,
  title={A convex formulation for learning task relationships in multi-task learning},
  author={Zhang, Yu and Yeung, Dit-Yan},
  journal={arXiv preprint arXiv:1203.3536},
  year={2012}
}

@article{daume2009frustratingly,
  title={Frustratingly easy domain adaptation},
  author={Daum{\'e} III, Hal},
  journal={arXiv preprint arXiv:0907.1815},
  year={2009}
}

@article{hoffman2013efficient,
  title={Efficient learning of domain-invariant image representations},
  author={Hoffman, Judy and Rodner, Erik and Donahue, Jeff and Darrell, Trevor and Saenko, Kate},
  journal={arXiv preprint arXiv:1301.3224},
  year={2013}
}

@inproceedings{chopra2013dlid,
  title={Dlid: Deep learning for domain adaptation by interpolating between domains},
  author={Chopra, Sumit and Balakrishnan, Suhrid and Gopalan, Raghuraman},
  booktitle={ICML workshop on challenges in representation learning},
  volume={2},
  pages={5},
  year={2013}
}

@inproceedings{ngiam2011multimodal,
  title={Multimodal deep learning},
  author={Ngiam, Jiquan and Khosla, Aditya and Kim, Mingyu and Nam, Juhan and Lee, Honglak and Ng, Andrew Y},
  booktitle={ICML},
  year={2011}
}

@inproceedings{aytar2011tabula,
  title={Tabula rasa: Model transfer for object category detection},
  author={Aytar, Yusuf and Zisserman, Andrew},
  booktitle={ICCV},
  year={2011}
}

@inproceedings{hoffman2014lsda,
  title={LSDA: Large scale detection through adaptation},
  author={Hoffman, Judy and Guadarrama, Sergio and Tzeng, Eric S and Hu, Ronghang and Donahue, Jeff and Girshick, Ross and Darrell, Trevor and Saenko, Kate},
  booktitle={NIPS},
  year={2014}
}

@inproceedings{li2013locally,
  title={Locally aligned feature transforms across views},
  author={Li, Wei and Wang, Xiaogang},
  booktitle={CVPR},
  year={2013}
}

@article{zheng2015person,
  title={Person Re-identification Meets Image Search},
  author={Zheng, Liang and Shen, Liyue and Tian, Lu and Wang, Shengjin and Bu, Jiahao and Tian, Qi},
  journal={arXiv preprint arXiv:1502.02171},
  year={2015}
}

@article{liao2014open,
  title={Open-set Person Re-identification},
  author={Liao, Shengcai and Mo, Zhipeng and Hu, Yang and Li, Stan Z},
  journal={arXiv preprint arXiv:1408.0872},
  year={2014}
}

@article{ding2015deep,
  title={Deep feature learning with relative distance comparison for person re-identification},
  author={Ding, Shengyong and Lin, Liang and Wang, Guangrun and Chao, Hongyang},
  journal={Pattern Recognition},
  year={2015}
}

@inproceedings{xu2014person,
  title={Person Search in a Scene by Jointly Modeling People Commonness and Person Uniqueness},
  author={Xu, Yuanlu and Ma, Bingpeng and Huang, Rui and Lin, Liang},
  booktitle={ACM Multimedia},
  year={2014}
}

@inproceedings{hirzer11a,
  author = {Martin Hirzer and Csaba Beleznai and Peter M. Roth and Horst Bischof},
  title = {Person Re-Identification by Descriptive and Discriminative Classification},
  booktitle = {Proc. Scandinavian Conference on Image Analysis (SCIA)},
  year = {2011}
}

@inproceedings{kawanishi2014shinpuhkan2014,
  title={Shinpuhkan2014: A multi-camera pedestrian dataset for tracking people across multiple cameras},
  author={Kawanishi, Yasutomo and Wu, Yang and Mukunoki, Masayuki and Minoh, Michihiko},
  booktitle={20th Korea-Japan Joint Workshop on Frontiers of Computer Vision},
  year={2014}
}

@article{paisitkriangkrai2015learning,
  title={Learning to rank in person re-identification with metric ensembles},
  author={Paisitkriangkrai, Sakrapee and Shen, Chunhua and Hengel, Anton van den},
  journal={arXiv preprint arXiv:1503.01543},
  year={2015}
}

@article{moon2001computational,
  title={Computational and performance aspects of PCA-based face-recognition algorithms},
  author={Moon, Hyeonjoon and Phillips, P Jonathon},
  journal={Perception-London},
  year={2001}
}

@inproceedings{krizhevsky2012imagenet,
  title={Imagenet classification with deep convolutional neural networks},
  author={Krizhevsky, Alex and Sutskever, Ilya and Hinton, Geoffrey E},
  booktitle={NIPS},
  year={2012}
}

@inproceedings{girshick2014rich,
  title={Rich feature hierarchies for accurate object detection and semantic segmentation},
  author={Girshick, Ross and Donahue, Jeff and Darrell, Trevor and Malik, Jitendra},
  booktitle={CVPR},
  year={2014}
}

@article{long2014fully,
  title={Fully convolutional networks for semantic segmentation},
  author={Long, Jonathan and Shelhamer, Evan and Darrell, Trevor},
  journal={arXiv preprint arXiv:1411.4038},
  year={2014}
}

@article{azizpour2014generic,
  title={From Generic to Specific Deep Representations for Visual Recognition},
  author={Azizpour, Hossein and Razavian, Ali Sharif and Sullivan, Josephine and Maki, Atsuto and Carlsson, Stefan},
  journal={arXiv:1406.5774},
  year={2014}
}

@article{donahue2013decaf,
  title={Decaf: A deep convolutional activation feature for generic visual recognition},
  author={Donahue, Jeff and Jia, Yangqing and Vinyals, Oriol and Hoffman, Judy and Zhang, Ning and Tzeng, Eric and Darrell, Trevor},
  journal={arXiv:1310.1531},
  year={2013}
}

@inproceedings{oquab2014learning,
  title={Learning and transferring mid-level image representations using convolutional neural networks},
  author={Oquab, Maxime and Bottou, Leon and Laptev, Ivan and Sivic, Josef},
  booktitle={CVPR},
  year={2014}
}

@inproceedings{deng2009imagenet,
  title={Imagenet: A large-scale hierarchical image database},
  author={Deng, Jia and Dong, Wei and Socher, Richard and Li, Li-Jia and Li, Kai and Fei-Fei, Li},
  booktitle={CVPR},
  year={2009}
}

@article{zheng2017unlabeled,
  title={Unlabeled Samples Generated by GAN Improve the Person Re-identification Baseline in vitro},
  author={Zheng, Zhedong and Zheng, Liang and Yang, Yi},
  journal={arXiv preprint arXiv:1701.07717},
  year={2017}
}

@inproceedings{ristani2016MTMC,
  title={Performance Measures and a Data Set for Multi-Target, Multi-Camera Tracking},
  author={Ristani, Ergys and Solera, Francesco and Zou, Roger and Cucchiara, Rita and Tomasi, Carlo},
  booktitle={ECCV Workshop},
  year={2016}
}

@inproceedings{chu2016structured,
  title={Structured Feature Learning for Pose Estimation},
  author={Chu, Xiao and Ouyang, Wanli and Li, Hongsheng and Wang, Xiaogang},
  journal={CVPR},
  year={2016}
}

@article{zheng2016person,
  title={Person Re-identification in the Wild},
  author={Zheng, Liang and Zhang, Hengheng and Sun, Shaoyan and Chandraker, Manmohan and Tian, Qi},
  journal={arXiv preprint arXiv:1604.02531},
  year={2016}
}

@inproceedings{zajdel2005keeping,
  title={Keeping track of humans: Have I seen this person before?},
  author={Zajdel, Wojciech and Zivkovic, Zoran and Krose, BJA},
  booktitle={ICRA},
  year={2005}
}

@inproceedings{gheissari2006person,
  title={Person reidentification using spatiotemporal appearance},
  author={Gheissari, Niloofar and Sebastian, Thomas B and Hartley, Richard},
  booktitle={CVPR},
  year={2006}
}

@inproceedings{yu2013harry,
  title={Harry Potter's Marauder's map: Localizing and tracking multiple persons-of-interest by nonnegative discretization},
  author={Yu, Shoou-I and Yang, Yi and Hauptmann, Alexander},
  booktitle={CVPR},
  year={2013}
}

@inproceedings{loy2009multi,
  title={Multi-camera activity correlation analysis},
  author={Loy, Chen Change and Xiang, Tao and Gong, Shaogang},
  booktitle={CVPR},
  year={2009},
}

@inproceedings{gray2007evaluating,
  title={Evaluating appearance models for recognition, reacquisition, and tracking},
  author={Gray, Douglas and Brennan, Shane and Tao, Hai},
  booktitle={PETS},
  year={2007},
}

@article{wang2013intelligent,
  title={Intelligent multi-camera video surveillance: A review},
  author={Wang, Xiaogang},
  journal={Pattern recognition letters},
  year={2013},
}

@inproceedings{li2014deepreid,
  title={Deepreid: Deep filter pairing neural network for person re-identification},
  author={Li, Wei and Zhao, Rui and Xiao, Tong and Wang, Xiaogang},
  booktitle={CVPR},
  year={2014}
}

@inproceedings{zheng2015scalable,
  title={Scalable Person Re-identification: A Benchmark},
  author={Zheng, Liang and Shen, Liyue and Tian, Lu and Wang, Shengjin and Wang, Jingdong and Tian, Qi},
  booktitle={ICCV},
  year={2015}
}

@inproceedings{xiao2016learning,
  title={Learning Deep Feature Representations with Domain Guided Dropout for Person Re-identification},
  author={Xiao, Tong and Li, Hongsheng and Ouyang, Wanli and Wang, Xiaogang},
  booktitle={CVPR},
  year={2016}
}

@inproceedings{paisitkriangkrai2015learning,
  title={Learning to rank in person re-identification with metric ensembles},
  author={Paisitkriangkrai, Sakrapee and Shen, Chunhua and van den Hengel, Anton},
  booktitle={CVPR},
  year={2015}
}

@inproceedings{xu2014person,
  title={Person search in a scene by jointly modeling people commonness and person uniqueness},
  author={Xu, Yuanlu and Ma, Bingpeng and Huang, Rui and Lin, Liang},
  booktitle={ACM'MM},
  year={2014}
}

@InProceedings{Shi_2015_CVPR,
  author = {Shi, Zhiyuan and Hospedales, Timothy M. and Xiang, Tao},
  title = {Transferring a Semantic Representation for Person Re-Identification and Search},
  booktitle = {CVPR},
  year = {2015}
}

@article{felzenszwalb2010object,
  title={Object detection with discriminatively trained part-based models},
  author={Felzenszwalb, Pedro F and Girshick, Ross B and McAllester, David and Ramanan, Deva},
  journal={TPAMI},
  year={2010},
}

@inproceedings{gray2007evaluating,
  title={Evaluating appearance models for recognition, reacquisition, and tracking},
  author={Gray, Douglas and Brennan, Shane and Tao, Hai},
  booktitle={PETS},
  year={2007},
}

@inproceedings{zheng2009associating,
  title={Associating Groups of People.},
  author={Zheng, Wei-Shi and Gong, Shaogang and Xiang, Tao},
  booktitle={BMVC},
  year={2009}
}

@incollection{das2014consistent,
  title={Consistent re-identification in a camera network},
  author={Das, Abir and Chakraborty, Anirban and Roy-Chowdhury, Amit K},
  booktitle={ECCV},
  year={2014},
}

@inproceedings{li2012human,
  title={Human Reidentification with Transferred Metric Learning.},
  author={Li, Wei and Zhao, Rui and Wang, Xiaogang},
  booktitle={ACCV},
  year={2012}
}

@inproceedings{zhao2013unsupervised,
  title={Unsupervised salience learning for person re-identification},
  author={Zhao, Rui and Ouyang, Wanli and Wang, Xiaogang},
  booktitle={CVPR},
  year={2013},
}

@inproceedings{cheng2016person,
  title={Person re-identification by multi-channel parts-based CNN with improved triplet loss function},
  author={Cheng, De and Gong, Yihong and Zhou, Sanping and Wang, Jinjun and Zheng, Nanning},
  booktitle={CVPR},
  year={2016}
}

@incollection{gray2008viewpoint,
  title={Viewpoint invariant pedestrian recognition with an ensemble of localized features},
  author={Gray, Douglas and Tao, Hai},
  booktitle={ECCV},
  year={2008},
}

@inproceedings{ma2012local,
  title={Local descriptors encoded by fisher vectors for person re-identification},
  author={Ma, Bingpeng and Su, Yu and Jurie, Fr{\'e}d{\'e}ric},
  booktitle={ECCV},
  year={2012},
}

@inproceedings{koestinger2012large,
  title={Large scale metric learning from equivalence constraints},
  author={Koestinger, Martin and Hirzer, Martin and Wohlhart, Paul and Roth, Peter M and Bischof, Horst},
  booktitle={CVPR},
  year={2012},
}

@inproceedings{davis2007information,
  title={Information-theoretic metric learning},
  author={Davis, Jason V and Kulis, Brian and Jain, Prateek and Sra, Suvrit and Dhillon, Inderjit S},
  booktitle={ICML},
  year={2007},
}

@inproceedings{guillaumin2009you,
  title={Is that you? Metric learning approaches for face identification},
  author={Guillaumin, Matthieu and Verbeek, Jakob and Schmid, Cordelia},
  booktitle={ICCV},
  year={2009},
}

@article{russakovsky2014imagenet,
  title={Imagenet large scale visual recognition challenge},
  author={Russakovsky, Olga and Deng, Jia and Su, Hao and Krause, Jonathan and Satheesh, Sanjeev and Ma, Sean and Huang, Zhiheng and Karpathy, Andrej and Khosla, Aditya and Bernstein, Michael and others},
  journal={IJCV},
  year={2014},
}

@inproceedings{zeng2013multi,
  title={Multi-stage contextual deep learning for pedestrian detection},
  author={Zeng, Xingyu and Ouyang, Wanli and Wang, Xiaogang},
  booktitle={ICCV},
  year={2013},
}

@article{dollar2014fast,
  title={Fast feature pyramids for object detection},
  author={Doll{\'a}r, Piotr and Appel, Ron and Belongie, Serge and Perona, Pietro},
  journal={TPAMI},
  year={2014},
}

@inproceedings{mcfee2010metric,
  title={Metric learning to rank},
  author={McFee, Brian and Lanckriet, Gert R},
  booktitle={ICML},
  year={2010}
}

@inproceedings{weinberger2005distance,
  title={Distance metric learning for large margin nearest neighbor classification},
  author={Weinberger, Kilian Q and Blitzer, John and Saul, Lawrence K},
  booktitle={NIPS},
  year={2005}
}

@article{ding2015deep,
  title={Deep feature learning with relative distance comparison for person re-identification},
  author={Ding, Shengyong and Lin, Liang and Wang, Guangrun and Chao, Hongyang},
  journal={PR},
  year={2015},
}

@article{dollar2012pedestrian,
  title={Pedestrian detection: An evaluation of the state of the art},
  author={Dollar, Piotr and Wojek, Christian and Schiele, Bernt and Perona, Pietro},
  journal={TPAMI},
  year={2012},
}

@inproceedings{liao2015person,
  title={Person Re-identification by Local Maximal Occurrence Representation and Metric Learning},
  author={Liao, Shengcai and Hu, Yang and Zhu, Xiangyu and Li, Stan Z},
  booktitle={CVPR},
  year={2015}
}

@article{zheng2013reidentification,
  title={Reidentification by relative distance comparison},
  author={Zheng, Wei-Shi and Gong, Shaogang and Xiang, Tao},
  journal={TPAMI},
  year={2013},
}

@article{wang2010correspondence,
  title={Correspondence-free activity analysis and scene modeling in multiple camera views},
  author={Wang, Xiaogang and Tieu, Kinh and Grimson, W Eric L},
  journal={TPAMI},
  year={2010},
}

@inproceedings{wang2007shape,
  title={Shape and appearance context modeling},
  author={Wang, Xiaogang and Doretto, Gianfranco and Sebastian, Thomas and Rittscher, Jens and Tu, Peter},
  booktitle={ICCV},
  year={2007},
}

@inproceedings{hamdoun2008person,
  title={Person re-identification in multi-camera system by signature based on interest point descriptors collected on short video sequences},
  author={Hamdoun, Omar and Moutarde, Fabien and Stanciulescu, Bogdan and Steux, Bruno},
  booktitle={ICDSC},
  year={2008},
}

@inproceedings{ahmed2015improved,
  title={An Improved Deep Learning Architecture for Person Re-Identification},
  author={Ahmed, Ejaz and Jones, Michael and Marks, Tim K},
  booktitle={CVPR},
  year={2015}
}

@inproceedings{prosser2008multi,
  title={Multi-camera Matching using Bi-Directional Cumulative Brightness Transfer Functions.},
  author={Prosser, Bryan and Gong, Shaogang and Xiang, Tao},
  booktitle={BMVC},
  year={2008}
}

@inproceedings{porikli2003inter,
  title={Inter-camera color calibration by correlation model function},
  author={Porikli, Fatih},
  booktitle={ICIP},
  year={2003},
}

@inproceedings{zheng2011person,
  title={Person re-identification by probabilistic relative distance comparison},
  author={Zheng, Wei-Shi and Gong, Shaogang and Xiang, Tao},
  booktitle={CVPR},
  year={2011},
}

@inproceedings{prosser2010person,
  title={Person Re-Identification by Support Vector Ranking.},
  author={Prosser, Bryan and Zheng, Wei-Shi and Gong, Shaogang and Xiang, Tao and Mary, Q},
  booktitle={BMVC},
  year={2010}
}

@inproceedings{schwartz2009learning,
  title={Learning discriminative appearance-based models using partial least squares},
  author={Schwartz, William Robson and Davis, Larry S},
  booktitle={Computer Graphics and Image Processing},
  year={2009},
}

@inproceedings{cheng2011custom,
  title={Custom Pictorial Structures for Re-identification.},
  author={Cheng, Dong Seon and Cristani, Marco and Stoppa, Michele and Bazzani, Loris and Murino, Vittorio},
  booktitle={BMVC},
  year={2011},
}

@incollection{hirzer2011person,
  title={Person re-identification by descriptive and discriminative classification},
  author={Hirzer, Martin and Beleznai, Csaba and Roth, Peter M and Bischof, Horst},
  booktitle={Image Analysis},
  year={2011},
}

@inproceedings{barbosa2012re,
  title={Re-identification with rgb-d sensors},
  author={Barbosa, Igor Barros and Cristani, Marco and Del Bue, Alessio and Bazzani, Loris and Murino, Vittorio},
  booktitle={ECCV},
  year={2012},
}

@inproceedings{li2013locally,
  title={Locally aligned feature transforms across views},
  author={Li, Wei and Wang, Xiaogang},
  booktitle={CVPR},
  year={2013},
}

@inproceedings{bialkowski2012database,
  title={A database for person re-identification in multi-camera surveillance networks},
  author={Bialkowski, Alina and Denman, Simon and Sridharan, Sridha and Fookes, Clinton and Lucey, Patrick},
  booktitle={Digital Image Computing Techniques and Applications},
  year={2012},
}

@inproceedings{ren2015faster,
  title={Faster R-CNN: Towards real-time object detection with region proposal networks},
  author={Ren, Shaoqing and He, Kaiming and Girshick, Ross and Sun, Jian},
  booktitle={NIPS},
  year={2015}
}

@inproceedings{girshick2015fast,
  title={Fast R-CNN},
  author={Girshick, Ross},
  booktitle={ICCV},
  year={2015}
}

@article{simonyan2014very,
  title={Very deep convolutional networks for large-scale image recognition},
  author={Simonyan, Karen and Zisserman, Andrew},
  journal={ICLR},
  year={2014}
}

@inproceedings{sun2014deep,
  title={Deep learning face representation from predicting 10,000 classes},
  author={Sun, Yi and Wang, Xiaogang and Tang, Xiaoou},
  booktitle={CVPR},
  year={2014}
}

@article{he2015spatial,
  title={Spatial pyramid pooling in deep convolutional networks for visual recognition},
  author={He, Kaiming and Zhang, Xiangyu and Ren, Shaoqing and Sun, Jian},
  journal={TPAMI},
  year={2015}
}

@inproceedings{sun2014deep,
  title={Deep learning face representation by joint identification-verification},
  author={Sun, Yi and Chen, Yuheng and Wang, Xiaogang and Tang, Xiaoou},
  booktitle={NIPS},
  year={2014}
}

@inproceedings{girshick2014rich,
  title={Rich feature hierarchies for accurate object detection and semantic segmentation},
  author={Girshick, Ross and Donahue, Jeff and Darrell, Trevor and Malik, Jitendra},
  booktitle={CVPR},
  year={2014}
}

@incollection{lin2014microsoft,
  title={Microsoft coco: Common objects in context},
  author={Lin, Tsung-Yi and Maire, Michael and Belongie, Serge and Hays, James and Perona, Pietro and Ramanan, Deva and Doll{\'a}r, Piotr and Zitnick, C Lawrence},
  booktitle={ECCV},
  year={2014}
}

@inproceedings{liao2015efficient,
  title={Efficient PSD Constrained Asymmetric Metric Learning for Person Re-identification},
  author={Liao, Shengcai and Li, Stan Z},
  booktitle={ICCV},
  year={2015}
}

@inproceedings{shen2015person,
  title={Person re-identification with correspondence structure learning},
  author={Shen, Yang and Lin, Weiyao and Yan, Junchi and Xu, Mingliang and Wu, Jianxin and Wang, Jingdong},
  booktitle={ICCV},
  year={2015}
}

@inproceedings{hosang2015taking,
  title={Taking a deeper look at pedestrians},
  author={Hosang, Jan and Omran, Mohamed and Benenson, Rodrigo and Schiele, Bernt},
  booktitle={CVPR},
  year={2015}
}

@inproceedings{tian2015pedestrian,
  title={Pedestrian detection aided by deep learning semantic tasks},
  author={Tian, Yonglong and Luo, Ping and Wang, Xiaogang and Tang, Xiaoou},
  booktitle={CVPR},
  year={2015}
}

@inproceedings{cai2015learning,
  title={Learning complexity-aware cascades for deep pedestrian detection},
  author={Cai, Zhaowei and Saberian, Mohammad and Vasconcelos, Nuno},
  booktitle={ICCV},
  year={2015}
}

@inproceedings{yang2015convolutional,
  title={Convolutional channel features},
  author={Yang, Bin and Yan, Junjie and Lei, Zhen and Li, Stan Z},
  booktitle={ICCV},
  year={2015}
}

@inproceedings{zhang2016faster,
  title={Is Faster R-CNN Doing Well for Pedestrian Detection?},
  author={Zhang, Liliang and Lin, Liang and Liang, Xiaodan and He, Kaiming},
  booktitle={ECCV},
  year={2016}
}

@inproceedings{zhang2015filtered,
  title={Filtered channel features for pedestrian detection},
  author={Zhang, Shanshan and Benenson, Rodrigo and Schiele, Bernt},
  booktitle={CVPR},
  year={2015}
}

@inproceedings{li2015multi,
  title={Multi-scale Learning for Low-resolution Person Re-identification},
  author={Li, Xiang and Zheng, Wei-Shi and Wang, Xiaojuan and Xiang, Tao and Gong, Shaogang},
  booktitle={ICCV},
  year={2015}
}

@inproceedings{zheng2015partial,
  title={Partial Person Re-identification},
  author={Zheng, Wei-Shi and Li, Xiang and Xiang, Tao and Liao, Shengcai and Lai, Jianhuang and Gong, Shaogang},
  booktitle={ICCV},
  year={2015}
}

@inproceedings{he2015deep,
  title={Deep residual learning for image recognition},
  author={He, Kaiming and Zhang, Xiangyu and Ren, Shaoqing and Sun, Jian},
  booktitle={CVPR},
  year={2016}
}

@inproceedings{jia2014caffe,
  title={Caffe: Convolutional architecture for fast feature embedding},
  author={Jia, Yangqing and Shelhamer, Evan and Donahue, Jeff and Karayev, Sergey and Long, Jonathan and Girshick, Ross and Guadarrama, Sergio and Darrell, Trevor},
  booktitle={ACM Multimedia},
  year={2014}
}

@inproceedings{wang2016temporal,
  title={Temporal segment networks: towards good practices for deep action recognition},
  author={Wang, Limin and Xiong, Yuanjun and Wang, Zhe and Qiao, Yu and Lin, Dahua and Tang, Xiaoou and Van Gool, Luc},
  booktitle={ECCV},
  year={2016}
}
